% Encoding: UTF-8

@phdthesis{polymorphic-set-theoretic-types,
  author       = {Tommaso Petrucciani},
  title        = {Polymorphic set-theoretic types for functional languages. (Types ensemblistes
                  polymorphes pour les langages fonctionnels)},
  school       = {Sorbonne Paris Cit{\'{e}}, France},
  year         = {2019},
  url          = {https://tel.archives-ouvertes.fr/tel-02119930},
  doi          = {10.15167/PETRUCCIANI-TOMMASO\_PHD2019-03-14},
  timestamp    = {Wed, 28 Aug 2024 21:53:58 +0200},
  biburl       = {https://dblp.org/rec/phd/hal/Petrucciani19.bib},
  bibsource    = {dblp computer science bibliography, https://dblp.org}
}

@inproceedings{theorems-for-free,
  author       = {Philip Wadler},
  editor       = {Joseph E. Stoy},
  title        = {Theorems for Free!},
  booktitle    = {Proceedings of the fourth international conference on Functional programming
                  languages and computer architecture, {FPCA} 1989, London, UK, September
                  11-13, 1989},
  pages        = {347--359},
  publisher    = {{ACM}},
  year         = {1989},
  url          = {https://doi.org/10.1145/99370.99404},
  doi          = {10.1145/99370.99404},
  timestamp    = {Wed, 14 Nov 2018 10:57:36 +0100},
  biburl       = {https://dblp.org/rec/conf/fpca/Wadler89.bib},
  bibsource    = {dblp computer science bibliography, https://dblp.org}
}

@inproceedings{duck-typing,
  author       = {Nevena Milojkovic and
                  Mohammad Ghafari and
                  Oscar Nierstrasz},
  editor       = {Giuseppe Scanniello and
                  David Lo and
                  Alexander Serebrenik},
  title        = {It's duck (typing) season!},
  booktitle    = {Proceedings of the 25th International Conference on Program Comprehension,
                  {ICPC} 2017, Buenos Aires, Argentina, May 22-23, 2017},
  pages        = {312--315},
  publisher    = {{IEEE} Computer Society},
  year         = {2017},
  url          = {https://doi.org/10.1109/ICPC.2017.10},
  doi          = {10.1109/ICPC.2017.10},
  timestamp    = {Thu, 23 Mar 2023 23:57:50 +0100},
  biburl       = {https://dblp.org/rec/conf/iwpc/MilojkovicGN17a.bib},
  bibsource    = {dblp computer science bibliography, https://dblp.org}
}

@inproceedings{abadi-cardelli-object-calculus,
  author       = {Mart{\'{\i}}n Abadi and
                  Luca Cardelli},
  editor       = {Peter D. Mosses and
                  Mogens Nielsen and
                  Michael I. Schwartzbach},
  title        = {An Imperative Object Calculus},
  booktitle    = {TAPSOFT'95: Theory and Practice of Software Development, 6th International
                  Joint Conference CAAP/FASE, Aarhus, Denmark, May 22-26, 1995, Proceedings},
  series       = {Lecture Notes in Computer Science},
  volume       = {915},
  pages        = {471--485},
  publisher    = {Springer},
  year         = {1995},
  url          = {https://doi.org/10.1007/3-540-59293-8\_214},
  doi          = {10.1007/3-540-59293-8\_214},
  timestamp    = {Tue, 14 May 2019 10:00:50 +0200},
  biburl       = {https://dblp.org/rec/conf/tapsoft/AbadiC95.bib},
  bibsource    = {dblp computer science bibliography, https://dblp.org}
}

@article{operations-on-records,
  author       = {Luca Cardelli and
                  John C. Mitchell},
  title        = {Operations on Records},
  journal      = {Math. Struct. Comput. Sci.},
  volume       = {1},
  number       = {1},
  pages        = {3--48},
  year         = {1991},
  url          = {https://doi.org/10.1017/S0960129500000049},
  doi          = {10.1017/S0960129500000049},
  timestamp    = {Wed, 01 Apr 2020 08:48:42 +0200},
  biburl       = {https://dblp.org/rec/journals/mscs/CardelliM91.bib},
  bibsource    = {dblp computer science bibliography, https://dblp.org}
}

@book{lua54,
  title     = "Lua 5.4 Reference Manual",
  author    = "Ierusalimschy, Roberto and de Figueiredo, Luiz Henrique and Celes, Waldemar",
  year      = 2020,
  publisher = "Lua.org, PUC-Rio",
  address   = "https://www.lua.org/manual/5.4/manual.html"
}

@book{pierce-book,
  author       = {Benjamin C. Pierce},
  title        = {Types and Programming Languages},
  publisher    = {{MIT} Press},
  year         = {2002},
  isbn         = {978-0-262-16209-8},
  timestamp    = {Thu, 03 Feb 2011 10:51:35 +0100},
  biburl       = {https://dblp.org/rec/books/daglib/0005958.bib},
  bibsource    = {dblp computer science bibliography, https://dblp.org}
}

@article{featherweight-java,
  author       = {Atsushi Igarashi and
                  Benjamin C. Pierce and
                  Philip Wadler},
  title        = {Featherweight Java: a minimal core calculus for Java and {GJ}},
  journal      = {{ACM} Trans. Program. Lang. Syst.},
  volume       = {23},
  number       = {3},
  pages        = {396--450},
  year         = {2001},
  url          = {https://doi.org/10.1145/503502.503505},
  doi          = {10.1145/503502.503505},
  timestamp    = {Tue, 06 Nov 2018 12:51:29 +0100},
  biburl       = {https://dblp.org/rec/journals/toplas/IgarashiPW01.bib},
  bibsource    = {dblp computer science bibliography, https://dblp.org}
}

@inproceedings{gradual-typing-for-objects,
  author       = {Jeremy G. Siek and
                  Walid Taha},
  editor       = {Erik Ernst},
  title        = {Gradual Typing for Objects},
  booktitle    = {{ECOOP} 2007 - Object-Oriented Programming, 21st European Conference,
                  Berlin, Germany, July 30 - August 3, 2007, Proceedings},
  series       = {Lecture Notes in Computer Science},
  volume       = {4609},
  pages        = {2--27},
  publisher    = {Springer},
  year         = {2007},
  url          = {https://doi.org/10.1007/978-3-540-73589-2\_2},
  doi          = {10.1007/978-3-540-73589-2\_2},
  timestamp    = {Sun, 06 Oct 2024 21:00:13 +0200},
  biburl       = {https://dblp.org/rec/conf/ecoop/SiekT07.bib},
  bibsource    = {dblp computer science bibliography, https://dblp.org}
}

@article{objective-ml,
  author       = {Didier R{\'{e}}my and
                  Jerome Vouillon},
  title        = {Objective {ML:} An Effective Object-Oriented Extension to {ML}},
  journal      = {Theory Pract. Object Syst.},
  volume       = {4},
  number       = {1},
  pages        = {27--50},
  year         = {1998},
  timestamp    = {Thu, 10 Sep 2020 14:37:51 +0200},
  biburl       = {https://dblp.org/rec/journals/tapos/RemyV98.bib},
  bibsource    = {dblp computer science bibliography, https://dblp.org}
}

@inproceedings{disjoint-polymorphism,
  author       = {Ningning Xie and
                  Bruno C. d. S. Oliveira and
                  Xuan Bi and
                  Tom Schrijvers},
  editor       = {Robert Hirschfeld and
                  Tobias Pape},
  title        = {Row and Bounded Polymorphism via Disjoint Polymorphism},
  booktitle    = {34th European Conference on Object-Oriented Programming, {ECOOP} 2020,
                  November 15-17, 2020, Berlin, Germany (Virtual Conference)},
  series       = {LIPIcs},
  volume       = {166},
  pages        = {27:1--27:30},
  publisher    = {Schloss Dagstuhl - Leibniz-Zentrum f{\"{u}}r Informatik},
  year         = {2020},
  url          = {https://doi.org/10.4230/LIPIcs.ECOOP.2020.27},
  doi          = {10.4230/LIPICS.ECOOP.2020.27},
  timestamp    = {Wed, 21 Aug 2024 22:46:00 +0200},
  biburl       = {https://dblp.org/rec/conf/ecoop/XieOBS19.bib},
  bibsource    = {dblp computer science bibliography, https://dblp.org}
}

@article{structural-subtyping-as-parameric-polymorphism,
  author       = {Wenhao Tang and
                  Daniel Hillerstr{\"{o}}m and
                  James McKinna and
                  Michel Steuwer and
                  Ornela Dardha and
                  Rongxiao Fu and
                  Sam Lindley},
  title        = {Structural Subtyping as Parametric Polymorphism},
  journal      = {Proc. {ACM} Program. Lang.},
  volume       = {7},
  number       = {{OOPSLA2}},
  pages        = {1093--1121},
  year         = {2023},
  url          = {https://doi.org/10.1145/3622836},
  doi          = {10.1145/3622836},
  timestamp    = {Sun, 19 Jan 2025 14:47:50 +0100},
  biburl       = {https://dblp.org/rec/journals/pacmpl/TangHMSDFL23.bib},
  bibsource    = {dblp computer science bibliography, https://dblp.org}
}

@article{well-typed-programs-dont-go-wrong,
  author       = {Robin Milner},
  title        = {A Theory of Type Polymorphism in Programming},
  journal      = {J. Comput. Syst. Sci.},
  volume       = {17},
  number       = {3},
  pages        = {348--375},
  year         = {1978},
  url          = {https://doi.org/10.1016/0022-0000(78)90014-4},
  doi          = {10.1016/0022-0000(78)90014-4},
  timestamp    = {Tue, 16 Feb 2021 14:04:22 +0100},
  biburl       = {https://dblp.org/rec/journals/jcss/Milner78.bib},
  bibsource    = {dblp computer science bibliography, https://dblp.org}
}

@inproceedings{polymorphic-variants,
  title={Programming with polymorphic variants},
  author={Garrigue, Jacques},
  booktitle={ML workshop},
  volume={13},
  number={7},
  year={1998},
  organization={Baltimore}
}

@inproceedings{inheritance-subtyping,
  author       = {William R. Cook and
                  Walter L. Hill and
                  Peter S. Canning},
  editor       = {Frances E. Allen},
  title        = {Inheritance Is Not Subtyping},
  booktitle    = {Conference Record of the Seventeenth Annual {ACM} Symposium on Principles
                  of Programming Languages, San Francisco, California, USA, January
                  1990},
  pages        = {125--135},
  publisher    = {{ACM} Press},
  year         = {1990},
  url          = {https://doi.org/10.1145/96709.96721},
  doi          = {10.1145/96709.96721},
  timestamp    = {Wed, 14 Nov 2018 10:52:34 +0100},
  biburl       = {https://dblp.org/rec/conf/popl/CookHC90.bib},
  bibsource    = {dblp computer science bibliography, https://dblp.org}
}

@inproceedings{simple-structural-polymorphism,
  author       = {Jacques Garrigue},
  title        = {Simple Type Inference for Structural Polymorphism},
  booktitle    = {The Second Asian Workshop on Programming Languages and Systems, APLAS'01,
                  Korea Advanced Institute of Science and Technology, Daejeon, Korea,
                  December 17-18, 2001, Proceedings},
  pages        = {329--343},
  year         = {2001},
  timestamp    = {Tue, 01 Jun 2004 13:15:57 +0200},
  biburl       = {https://dblp.org/rec/conf/aplas/Garrigue01.bib},
  bibsource    = {dblp computer science bibliography, https://dblp.org}
}

@inproceedings{remy-records,
  author       = {Didier R{\'{e}}my},
  title        = {Typechecking Records and Variants in a Natural Extension of {ML}},
  booktitle    = {Conference Record of the Sixteenth Annual {ACM} Symposium on Principles
                  of Programming Languages, Austin, Texas, USA, January 11-13, 1989},
  pages        = {77--88},
  publisher    = {{ACM} Press},
  year         = {1989},
  url          = {https://doi.org/10.1145/75277.75284},
  doi          = {10.1145/75277.75284},
  timestamp    = {Tue, 06 Nov 2018 11:07:43 +0100},
  biburl       = {https://dblp.org/rec/conf/popl/Remy89.bib},
  bibsource    = {dblp computer science bibliography, https://dblp.org}
}

@inproceedings{wand-rows,
  author       = {Mitchell Wand},
  title        = {Complete Type Inference for Simple Objects},
  booktitle    = {Proceedings of the Symposium on Logic in Computer Science {(LICS}
                  '87), Ithaca, New York, USA, June 22-25, 1987},
  pages        = {37--44},
  publisher    = {{IEEE} Computer Society},
  year         = {1987},
  url          = {http://www.ccs.neu.edu/home/wand/papers/wand-lics-87.pdf},
  timestamp    = {Thu, 12 Mar 2020 11:30:46 +0100},
  biburl       = {https://dblp.org/rec/conf/lics/Wand87.bib},
  bibsource    = {dblp computer science bibliography, https://dblp.org}
}

@inproceedings{cardelli-multiple-inheritance,
  author       = {Luca Cardelli},
  editor       = {Gilles Kahn and
                  David B. MacQueen and
                  Gordon D. Plotkin},
  title        = {A Semantics of Multiple Inheritance},
  booktitle    = {Semantics of Data Types, International Symposium, Sophia-Antipolis,
                  France, June 27-29, 1984, Proceedings},
  series       = {Lecture Notes in Computer Science},
  volume       = {173},
  pages        = {51--67},
  publisher    = {Springer},
  year         = {1984},
  url          = {https://doi.org/10.1007/3-540-13346-1\_2},
  doi          = {10.1007/3-540-13346-1\_2},
  timestamp    = {Tue, 14 May 2019 10:00:38 +0200},
  biburl       = {https://dblp.org/rec/conf/sdt/Cardelli84.bib},
  bibsource    = {dblp computer science bibliography, https://dblp.org}
}

@Comment{jabref-meta: databaseType:bibtex;}